@misc{example_website,
    author       = "{Author}",
    title        = "{Title of the Webpage}",
    howpublished = "{google.com}",
    note         = {Accessed: YYYY-MM-DD},
    year         = {Year},
}

% test.bib

@book{latex_guide,
    author    = {Leslie Lamport},
    title     = {LaTeX: A Document Preparation System},
    year      = {1994},
    publisher = {Addison-Wesley},
}

@book{bibtex_guide,
    author    = {Oren Patashnik and Leslie Lamport},
    title     = {BibTeXing},
    year      = {1988},
    publisher = {Addison-Wesley},
}

